<?xml version="1.0" encoding="UTF-8"?>
<Document xmlns="urn:iso:std:iso:20022:tech:xsd:pain.001.001.03" xmlns:xsi="http://www.w3.org/2001/XMLSchema-instance">
  <CstmrCdtTrfInitn>
    <GrpHdr>
      <MsgId>PAY-2026-FIXTURE</MsgId>
      <CreDtTm>2026-05-18T10:00:00</CreDtTm>
      <NbOfTxs>2</NbOfTxs>
      <CtrlSum>486500.50</CtrlSum>
      <InitgPty>
        <Nm>Institut Pasteur de Dakar</Nm>
      </InitgPty>
    </GrpHdr>
    <PmtInf>
      <PmtInfId>PAY-2026-FIXTURE-PMT</PmtInfId>
      <PmtMtd>TRF</PmtMtd>
      <NbOfTxs>2</NbOfTxs>
      <CtrlSum>486500.50</CtrlSum>
      <PmtTpInf>
        <SvcLvl>
          <Cd>SEPA</Cd>
        </SvcLvl>
      </PmtTpInf>
      <ReqdExctnDt>2026-05-20</ReqdExctnDt>
      <Dbtr>
        <Nm>Institut Pasteur de Dakar</Nm>
      </Dbtr>
      <DbtrAcct>
        <Id>
          <IBAN>SN08SN0010010000000000000001</IBAN>
        </Id>
      </DbtrAcct>
      <DbtrAgt>
        <FinInstnId>
          <BIC>ECOCSNDA</BIC>
        </FinInstnId>
      </DbtrAgt>
      <ChrgBr>SLEV</ChrgBr>
      <CdtTrfTxInf>
        <PmtId>
          <EndToEndId>PAY-2026-FIXTURE-001</EndToEndId>
        </PmtId>
        <Amt>
          <InstdAmt Ccy="XOF">485000.00</InstdAmt>
        </Amt>
        <CdtrAgt>
          <FinInstnId>
            <BIC>AGRIFRPP</BIC>
          </FinInstnId>
        </CdtrAgt>
        <Cdtr>
          <Nm>Thermo Fisher Scientific</Nm>
        </Cdtr>
        <CdtrAcct>
          <Id>
            <IBAN>FR7630006000011234567890189</IBAN>
          </Id>
        </CdtrAcct>
        <RmtInf>
          <Ustrd>Facture F-2026-001</Ustrd>
        </RmtInf>
      </CdtTrfTxInf>
      <CdtTrfTxInf>
        <PmtId>
          <EndToEndId>PAY-2026-FIXTURE-002</EndToEndId>
        </PmtId>
        <Amt>
          <InstdAmt Ccy="EUR">1500.50</InstdAmt>
        </Amt>
        <CdtrAgt>
          <FinInstnId>
            <BIC>SNECTRO1</BIC>
          </FinInstnId>
        </CdtrAgt>
        <Cdtr>
          <Nm>Merck Senegal</Nm>
        </Cdtr>
        <CdtrAcct>
          <Id>
            <IBAN>SN082S00100100100000001</IBAN>
          </Id>
        </CdtrAcct>
        <RmtInf>
          <Ustrd>Facture F-2026-002</Ustrd>
        </RmtInf>
      </CdtTrfTxInf>
    </PmtInf>
  </CstmrCdtTrfInitn>
</Document>